%YAML 1.1
%TAG !u! tag:unity3d.com,2011:
--- !u!1 &101582
GameObject:
  m_ObjectHideFlags: 0
  m_PrefabParentObject: {fileID: 0}
  m_PrefabInternal: {fileID: 100100000}
  serializedVersion: 4
  m_Component:
  - 4: {fileID: 401582}
  - 114: {fileID: 11484264}
  - 114: {fileID: 11439840}
  m_Layer: 0
  m_Name: GameManager
  m_TagString: Untagged
  m_Icon: {fileID: 0}
  m_NavMeshLayer: 0
  m_StaticEditorFlags: 0
  m_IsActive: 1
--- !u!4 &401582
Transform:
  m_ObjectHideFlags: 1
  m_PrefabParentObject: {fileID: 0}
  m_PrefabInternal: {fileID: 100100000}
  m_GameObject: {fileID: 101582}
  m_LocalRotation: {x: 0, y: 0, z: 0, w: 1}
  m_LocalPosition: {x: 0, y: .138786674, z: -10.8514004}
  m_LocalScale: {x: 1, y: 1, z: 1}
  m_Children: []
  m_Father: {fileID: 0}
  m_RootOrder: 0
--- !u!114 &11439840
MonoBehaviour:
  m_ObjectHideFlags: 1
  m_PrefabParentObject: {fileID: 0}
  m_PrefabInternal: {fileID: 100100000}
  m_GameObject: {fileID: 101582}
  m_Enabled: 1
  m_EditorHideFlags: 0
  m_Script: {fileID: 11500000, guid: d4f64d06489d7eb48b877b7e8ffadf94, type: 3}
  m_Name: 
  m_EditorClassIdentifier: 
  ForestLevelMusic: Music_Level_Forest
--- !u!114 &11484264
MonoBehaviour:
  m_ObjectHideFlags: 1
  m_PrefabParentObject: {fileID: 0}
  m_PrefabInternal: {fileID: 100100000}
  m_GameObject: {fileID: 101582}
  m_Enabled: 1
  m_EditorHideFlags: 0
  m_Script: {fileID: 11500000, guid: ef02a05cf5fc82c4595e4a1ffb66a82e, type: 3}
  m_Name: 
  m_EditorClassIdentifier: 
  PlayerPrefab: {fileID: 11476790, guid: 166e8321ad9bc4841a7a6ed23dc41227, type: 2}
  players:
  - {fileID: 11476790, guid: 5a932707e37b43f41997efa69c5be7e7, type: 2}
  - {fileID: 11476790, guid: 98615d8f2e69207499edd10ba023b47a, type: 2}
  InitialLifeCount: 5
  CountdownTime: 3.5
  FirstLevelIndex: 1
--- !u!1001 &100100000
Prefab:
  m_ObjectHideFlags: 1
  serializedVersion: 2
  m_Modification:
    m_TransformParent: {fileID: 0}
    m_Modifications: []
    m_RemovedComponents: []
  m_ParentPrefab: {fileID: 0}
  m_RootGameObject: {fileID: 101582}
  m_IsPrefabParent: 1
  m_IsExploded: 1
